
@book{titchmarsh1986riemann,
  title={The Theory of the Riemann Zeta-Function},
  author={Titchmarsh, E.C.},
  year={1986},
  publisher={Oxford University Press}
}

@article{conrey2003riemann,
  title={The Riemann Hypothesis},
  author={Conrey, J.B.},
  journal={Notices of the AMS},
  volume={50},
  number={3},
  pages={341--353},
  year={2003}
}
