@book{Titchmarsh1986,
  author    = {E. C. Titchmarsh and D. R. Heath-Brown},
  title     = {The Theory of the Riemann Zeta-Function},
  edition   = {2},
  publisher = {Oxford University Press},
  year      = {1986}
}

@article{BaezDuarte2003,
  author  = {Luis B{\'a}ez-Duarte},
  title   = {A strengthening of the Nyman--Beurling criterion for the Riemann Hypothesis},
  journal = {Rendiconti Lincei Matematica e Applicazioni},
  volume  = {14},
  pages   = {5--11},
  year    = {2003},
  doi     = {10.1007/s10231-003-0074-5}
}