@book{titchmarsh1986,
  author    = {E. C. Titchmarsh},
  title     = {The Theory of the Riemann Zeta-Function},
  edition   = {2nd},
  publisher = {Oxford University Press},
  year      = {1986},
  editor    = {D. R. Heath-Brown}
}

@article{baezduarte2003,
  author  = {Luis B{\'a}ez-Duarte},
  title   = {A strengthening of the Nyman--Beurling criterion},
  journal = {Rendiconti Lincei. Matematica e Applicazioni},
  year    = {2003},
  volume  = {14},
  pages   = {5--11},
  doi     = {10.1007/s10231-003-0074-5}
}

@article{conrey2003,
  author  = {J. Brian Conrey},
  title   = {The Riemann Hypothesis},
  journal = {Notices of the AMS},
  year    = {2003},
  volume  = {50},
  number  = {3},
  pages   = {341--353}
}
