
@article{BaezDuarte2003,
  author  = {Luis B{\'a}ez-Duarte},
  title   = {A strengthening of the Nyman--Beurling criterion},
  journal = {Rendiconti Lincei - Matematica e Applicazioni},
  volume  = {14},
  year    = {2003},
  pages   = {5--11},
  doi     = {10.1007/s10231-003-0074-5}
}

@book{Titchmarsh1986,
  author    = {E. C. Titchmarsh},
  title     = {The Theory of the Riemann Zeta-Function},
  edition   = {2},
  publisher = {Oxford University Press},
  year      = {1986},
  note      = {Revised by D. R. Heath-Brown}
}

@article{Conrey2003,
  author  = {J. B. Conrey},
  title   = {The Riemann Hypothesis},
  journal = {Notices of the American Mathematical Society},
  volume  = {50},
  number  = {3},
  pages   = {341--353},
  year    = {2003}
}
