
@article{titchmarsh1986zeta,
  title={The theory of the Riemann zeta-function},
  author={Titchmarsh, E.C.},
  journal={Oxford University Press},
  year={1986}
}
@book{ivic2003riemann,
  title={The Riemann Zeta-Function},
  author={IviÄ‡, Aleksandar},
  year={2003},
  publisher={Dover Publications}
}
